@article{hird2017evolutionary,
  title={Evolutionary biology needs wild microbiomes},
  author={Hird, Sarah M},
  journal={Frontiers in Microbiology},
  volume={8},
  pages={725},
  year={2017},
  publisher={Frontiers}
}
@article{futuyma2001evolution,
  title={Evolution, science and society: evolutionary biology and the national research agenda.},
  author={Futuyma, Douglas J and Meagher, Thomas R},
  journal={California Journal of Science Education},
  volume={1},
  number={2},
  pages={19--32},
  year={2001},
  publisher={ERIC}
}
@article{kim2012recent,
  title={Recent advances in reconstruction and applications of genome-scale metabolic models},
  author={Kim, Tae Yong and Sohn, Seung Bum and Kim, Yu Bin and Kim, Won Jun and Lee, Sang Yup},
  journal={Current Opinion in Biotechnology},
  volume={23},
  number={4},
  pages={617--623},
  year={2012},
  publisher={Elsevier}
}
@article{schuster2000general,
  title={A general definition of metabolic pathways useful for systematic organization and analysis of complex metabolic networks},
  author={Schuster, Stefan and Fell, David A and Dandekar, Thomas},
  journal={Nature Biotechnology},
  volume={18},
  number={3},
  pages={326},
  year={2000},
  publisher={Nature Publishing Group}
}
@article{tack2017simulation,
  title={Simulation of Escherichia coli dynamics in biofilms and submerged colonies with an individual-based model including metabolic network information},
  author={Tack, Ignace LMM and Nimmegeers, Philippe and Akkermans, Simen and Hashem, Ihab and Van Impe, Jan FM},
  journal={Frontiers in Microbiology},
  volume={8},
  pages={2509},
  year={2017},
  publisher={Frontiers}
}
@article{thiele2010protocol,
  title={A protocol for generating a high-quality genome-scale metabolic reconstruction},
  author={Thiele, Ines and Palsson, Bernhard {\O}},
  journal={Nature Protocols},
  volume={5},
  number={1},
  pages={93},
  year={2010},
  publisher={Nature Publishing Group}
}
@article{nilsson2016metabolic,
  title={Metabolic trade-offs in yeast are caused by F1F0-ATP synthase},
  author={Nilsson, Avlant and Nielsen, Jens},
  journal={Scientific Reports},
  volume={6},
  pages={22264},
  year={2016},
  publisher={Nature Publishing Group}
}
@article{arslan2018physiological,
  title={Physiological and transcriptomic analysis of a chronologically long-lived Saccharomyces cerevisiae strain obtained by evolutionary engineering},
  author={Arslan, Mevl{\"u}t and Holyavkin, Can and K{\i}sakesen, Halil {\.I}brahim and Topalo{\u{g}}lu, Alican and S{\"u}rmeli, Yusuf and {\c{C}}akar, Zeynep Petek},
  journal={Molecular Biotechnology},
  volume={60},
  number={7},
  pages={468--484},
  year={2018},
  publisher={Springer}
}
@article{reimers2016steady,
  title={The steady-state assumption in oscillating and growing systems},
  author={Reimers, Alexandra-M and Reimers, Arne C},
  journal={Journal of Theoretical Biology},
  volume={406},
  pages={176--186},
  year={2016},
  publisher={Elsevier}
}
@article{blank2017let,
  title={Let's talk about flux or the importance of (intracellular) reaction rates},
  author={Blank, Lars M},
  journal={Microbial Biotechnology},
  volume={10},
  number={1},
  pages={28},
  year={2017},
  publisher={Wiley-Blackwell}
}
@article{kerkhoven2014applications,
  title={Applications of computational modeling in metabolic engineering of yeast},
  author={Kerkhoven, Eduard J and Lahtvee, Petri-Jaan and Nielsen, Jens},
  journal={FEMS Yeast Research},
  volume={15},
  number={1},
  pages={1567--1364},
  year={2014},
  publisher={Citeseer}
}
@article{famili2003saccharomyces,
  title={Saccharomyces cerevisiae phenotypes can be predicted by using constraint-based analysis of a genome-scale reconstructed metabolic network},
  author={Famili, Iman and F{\"o}rster, Jochen and Nielsen, Jens and Palsson, Bernhard O},
  journal={Proceedings of the National Academy of Sciences},
  volume={100},
  number={23},
  pages={13134--13139},
  year={2003},
  publisher={National Acad Sciences}
}
@article{forster2003genome,
  title={Genome-scale reconstruction of the Saccharomyces cerevisiae metabolic network},
  author={F{\"o}rster, Jochen and Famili, Iman and Fu, Patrick and Palsson, Bernhard {\O} and Nielsen, Jens},
  journal={Scientific Reports},
  volume={13},
  number={2},
  pages={244--253},
  year={2003},
  publisher={Cold Spring Harbor Lab}
}
@article{forster2003large,
  title={Large-scale evaluation of in silico gene deletions in Saccharomyces cerevisiae},
  author={F{\"o}rster, Jochen and Famili, Iman and Palsson, Bernhard {\O} and Nielsen, Jens},
  journal={OMICS A Journal of Integrative Biology},
  volume={7},
  number={2},
  pages={193--202},
  year={2003},
  publisher={Mary Ann Liebert, Inc.}
}
@article{famili2003saccharomyces,
  title={Saccharomyces cerevisiae phenotypes can be predicted by using constraint-based analysis of a genome-scale reconstructed metabolic network},
  author={Famili, Iman and F{\"o}rster, Jochen and Nielsen, Jens and Palsson, Bernhard O},
  journal={Proceedings of the National Academy of Sciences},
  volume={100},
  number={23},
  pages={13134--13139},
  year={2003},
  publisher={National Acad Sciences}
}
@article{duarte2004reconstruction,
  title={Reconstruction and validation of Saccharomyces cerevisiae iND750, a fully compartmentalized genome-scale metabolic model},
  author={Duarte, Natalie C and Herrg{\aa}rd, Markus J and Palsson, Bernhard {\O}},
  journal={Genome Research},
  volume={14},
  number={7},
  pages={1298--1309},
  year={2004},
  publisher={Cold Spring Harbor Lab}
}
@article{kuepfer2005metabolic,
  title={Metabolic functions of duplicate genes in Saccharomyces cerevisiae},
  author={Kuepfer, Lars and Sauer, Uwe and Blank, Lars M},
  journal={Genome Research},
  volume={15},
  number={10},
  pages={1421--1430},
  year={2005},
  publisher={Cold Spring Harbor Lab}
}
@article{nookaew2008genome,
  title={The genome-scale metabolic model iIN800 of Saccharomyces cerevisiae and its validation: a scaffold to query lipid metabolism},
  author={Nookaew, Intawat and Jewett, Michael C and Meechai, Asawin and Thammarongtham, Chinae and Laoteng, Kobkul and Cheevadhanarak, Supapon and Nielsen, Jens and Bhumiratana, Sakarindr},
  journal={BMC Systems Biology},
  volume={2},
  number={1},
  pages={71},
  year={2008},
  publisher={Springer}
}
@article{mo2009connecting,
  title={Connecting extracellular metabolomic measurements to intracellular flux states in yeast},
  author={Mo, Monica L and Palsson, Bernhard {\O} and Herrg{\aa}rd, Markus J},
  journal={BMC Systems Biology},
  volume={3},
  number={1},
  pages={37},
  year={2009},
  publisher={Springer}
}
@article{zomorrodi2010improving,
  title={Improving the iMM904 S. cerevisiae metabolic model using essentiality and synthetic lethality data},
  author={Zomorrodi, Ali R and Maranas, Costas D},
  journal={BMC Systems Biology},
  volume={4},
  number={1},
  pages={178},
  year={2010},
  publisher={Springer}
}
@article{lee2005systems,
  title={Systems biotechnology for strain improvement},
  author={Lee, Sang Yup and Lee, Dong-Yup and Kim, Tae Yong},
  journal={Trends in Biotechnology},
  volume={23},
  number={7},
  pages={349--358},
  year={2005},
  publisher={Elsevier}
}
@article{herrgaard2008consensus,
  title={A consensus yeast metabolic network reconstruction obtained from a community approach to systems biology},
  author={Herrg{\aa}rd, Markus J and Swainston, Neil and Dobson, Paul and Dunn, Warwick B and Arga, K Yal{\c{c}}in and Arvas, Mikko and Bl{\"u}thgen, Nils and Borger, Simon and Costenoble, Roeland and Heinemann, Matthias and others},
  journal={Nature Biotechnology},
  volume={26},
  number={10},
  pages={1155},
  year={2008},
  publisher={Nature Publishing Group}
}
@article{simeonidis2015genome,
  title={Genome-scale modeling for metabolic engineering},
  author={Simeonidis, Evangelos and Price, Nathan D},
  journal={Journal of Industrial Microbiology \& Biotechnology},
  volume={42},
  number={3},
  pages={327--338},
  year={2015},
  publisher={Springer}
}
@article{heavner2012yeast,
  title={Yeast 5--an expanded reconstruction of the Saccharomyces cerevisiae metabolic network},
  author={Heavner, Benjamin D and Smallbone, Kieran and Barker, Brandon and Mendes, Pedro and Walker, Larry P},
  journal={BMC Systems Biology},
  volume={6},
  number={1},
  pages={55},
  year={2012},
  publisher={Springer}
}
@article{aung2013revising,
  title={Revising the representation of fatty acid, glycerolipid, and glycerophospholipid metabolism in the consensus model of yeast metabolism},
  author={Aung, Hnin W and Henry, Susan A and Walker, Larry P},
  journal={Industrial Biotechnology},
  volume={9},
  number={4},
  pages={215--228},
  year={2013},
  publisher={Mary Ann Liebert, Inc. 140 Huguenot Street, 3rd Floor New Rochelle, NY 10801 USA}
}
@article{heavner2013version,
  title={Version 6 of the consensus yeast metabolic network refines biochemical coverage and improves model performance},
  author={Heavner, Benjamin D and Smallbone, Kieran and Price, Nathan D and Walker, Larry P},
  journal={Database},
  volume={2013},
  year={2013},
  publisher={Narnia}
}
@article{dobson2010further,
  title={Further developments towards a genome-scale metabolic model of yeast},
  author={Dobson, Paul D and Smallbone, Kieran and Jameson, Daniel and Simeonidis, Evangelos and Lanthaler, Karin and Pir, P{\i}nar and Lu, Chuan and Swainston, Neil and Dunn, Warwick B and Fisher, Paul and others},
  journal={BMC Systems Biology},
  volume={4},
  number={1},
  pages={145},
  year={2010},
  publisher={BioMed Central}
}
@article{varma1993biochemical,
  title={Biochemical production capabilities of Escherichia coli},
  author={Varma, Amit and Boesch, Brian W and Palsson, Bernhard O},
  journal={Biotechnology and Bioengineering},
  volume={42},
  number={1},
  pages={59--73},
  year={1993},
  publisher={Wiley Online Library}
}
@article{aung2013revising,
  title={Revising the representation of fatty acid, glycerolipid, and glycerophospholipid metabolism in the consensus model of yeast metabolism},
  author={Aung, Hnin W and Henry, Susan A and Walker, Larry P},
  journal={Industrial Biotechnology},
  volume={9},
  number={4},
  pages={215--228},
  year={2013},
  publisher={Mary Ann Liebert, Inc. 140 Huguenot Street, 3rd Floor New Rochelle, NY 10801 USA}
}
@article{heirendt2019creation,
  title={Creation and analysis of biochemical constraint-based models using the COBRA Toolbox v. 3.0},
  author={Heirendt, Laurent and Arreckx, Sylvain and Pfau, Thomas and Mendoza, Sebasti{\'a}n N and Richelle, Anne and Heinken, Almut and Haraldsd{\'o}ttir, Hulda S and Wachowiak, Jacek and Keating, Sarah M and Vlasov, Vanja and others},
  journal={Nature Protocols},
  volume={14},
  number={3},
  pages={639--702},
  year={2019},
  publisher={Nature Publishing Group}
}
@article{vallino1994carbon,
  title={Carbon flux distributions at the glucose 6-phosphate branch point in Corynebacterium glutamicum during lysine overproduction},
  author={Vallino, Joseph J and Stephanopoulos, Gregory},
  journal={Biotechnology Progress},
  volume={10},
  number={3},
  pages={327--334},
  year={1994},
  publisher={Wiley Online Library}
}
@article{feist2009reconstruction,
  title={Reconstruction of biochemical networks in microorganisms},
  author={Feist, Adam M and Herrg{\aa}rd, Markus J and Thiele, Ines and Reed, Jennie L and Palsson, Bernhard {\O}},
  journal={Nature Reviews Microbiology},
  volume={7},
  number={2},
  pages={129},
  year={2009},
  publisher={Nature Publishing Group}
}
@article{pitkanen2014comparative,
  title={Comparative genome-scale reconstruction of gapless metabolic networks for present and ancestral species},
  author={Pitk{\"a}nen, Esa and Jouhten, Paula and Hou, Jian and Syed, Muhammad Fahad and Blomberg, Peter and Kludas, Jana and Oja, Merja and Holm, Liisa and Penttil{\"a}, Merja and Rousu, Juho and others},
  journal={PLoS Computational Biology},
  volume={10},
  number={2},
  pages={e1003465},
  year={2014},
  publisher={Public Library of Science}
}
@article{kerkhoven2014applications,
  title={Applications of computational modeling in metabolic engineering of yeast},
  author={Kerkhoven, Eduard J and Lahtvee, Petri-Jaan and Nielsen, Jens},
  journal={FEMS Yeast Research},
  volume={15},
  number={1},
  pages={1567--1364},
  year={2014},
  publisher={Citeseer}
}
@article{edwards2000escherichia,
  title={The Escherichia coli MG1655 in silico metabolic genotype: its definition, characteristics, and capabilities},
  author={Edwards, JS and Palsson, BO},
  journal={Proceedings of the National Academy of Sciences},
  volume={97},
  number={10},
  pages={5528--5533},
  year={2000},
  publisher={National Acad Sciences}
}
@article{monk2014optimizing,
  title={Optimizing genome-scale network reconstructions},
  author={Monk, Jonathan and Nogales, Juan and Palsson, Bernhard O},
  journal={Nature Biotechnology},
  volume={32},
  number={5},
  pages={447},
  year={2014},
  publisher={Nature Publishing Group}
}
@article{thiele2010protocol,
  title={A protocol for generating a high-quality genome-scale metabolic reconstruction},
  author={Thiele, Ines and Palsson, Bernhard {\O}},
  journal={Nature Protocols},
  volume={5},
  number={1},
  pages={93},
  year={2010},
  publisher={Nature Publishing Group}
}
@article{pitkanen2014comparative,
  title={Comparative genome-scale reconstruction of gapless metabolic networks for present and ancestral species},
  author={Pitk{\"a}nen, Esa and Jouhten, Paula and Hou, Jian and Syed, Muhammad Fahad and Blomberg, Peter and Kludas, Jana and Oja, Merja and Holm, Liisa and Penttil{\"a}, Merja and Rousu, Juho and others},
  journal={PLoS Computational Biology},
  volume={10},
  number={2},
  pages={e1003465},
  year={2014},
  publisher={Public Library of Science}
}
@article{dikicioglu2015biomass,
  title={Biomass composition: the “elephant in the room” of metabolic modelling},
  author={Dikicioglu, Duygu and K{\i}rdar, Betul and Oliver, Stephen G},
  journal={Metabolomics},
  volume={11},
  number={6},
  pages={1690--1701},
  year={2015},
  publisher={Springer}
}
@article{hamilton2014software,
  title={Software platforms to facilitate reconstructing genome-scale metabolic networks},
  author={Hamilton, Joshua J and Reed, Jennifer L},
  journal={Environmental Microbiology},
  volume={16},
  number={1},
  pages={49--59},
  year={2014},
  publisher={Wiley Online Library}
}
@article{osterlund2012fifteen,
  title={Fifteen years of large scale metabolic modeling of yeast: developments and impacts},
  author={{\"O}sterlund, Tobias and Nookaew, Intawat and Nielsen, Jens},
  journal={Biotechnology Advances},
  volume={30},
  number={5},
  pages={979--988},
  year={2012},
  publisher={Elsevier}
}
@article{oberhardt2009applications,
  title={Applications of genome-scale metabolic reconstructions},
  author={Oberhardt, Matthew A and Palsson, Bernhard {\O} and Papin, Jason A},
  journal={Molecular Systems Biology},
  volume={5},
  number={1},
  year={2009},
  publisher={John Wiley \& Sons, Ltd}
}
@article{gustavsson2016prospects,
  title={Prospects of microbial cell factories developed through systems metabolic engineering},
  author={Gustavsson, Martin and Lee, Sang Yup},
  journal={Microbial Biotechnology},
  volume={9},
  number={5},
  pages={610--617},
  year={2016},
  publisher={Wiley Online Library}
}
@article{cvijovic2011mathematical,
  title={Mathematical models of cell factories: moving towards the core of industrial biotechnology},
  author={Cvijovic, Marija and Bordel, Sergio and Nielsen, Jens},
  journal={Microbial Biotechnology},
  volume={4},
  number={5},
  pages={572--584},
  year={2011},
  publisher={Wiley Online Library}
}
@article{boghigian2010metabolic,
  title={Metabolic flux analysis and pharmaceutical production},
  author={Boghigian, Brett A and Seth, Gargi and Kiss, Robert and Pfeifer, Blaine A},
  journal={Metabolic Engineering},
  volume={12},
  number={2},
  pages={81--95},
  year={2010},
  publisher={Elsevier}
}
@article{nocon2014model,
  title={Model based engineering of Pichia pastoris central metabolism enhances recombinant protein production},
  author={Nocon, Justyna and Steiger, Matthias G and Pfeffer, Martin and Sohn, Seung Bum and Kim, Tae Yong and Maurer, Michael and Ru{\ss}mayer, Hannes and Pfl{\"u}gl, Stefan and Ask, Magnus and Haberhauer-Troyer, Christina and others},
  journal={Metabolic Engineering},
  volume={24},
  pages={129--138},
  year={2014},
  publisher={Elsevier}
}
@article{caspeta2013toward,
  title={Toward systems metabolic engineering of Aspergillus and Pichia species for the production of chemicals and biofuels},
  author={Caspeta, Luis and Nielsen, Jens},
  journal={Biotechnology Journal},
  volume={8},
  number={5},
  pages={534--544},
  year={2013},
  publisher={Wiley Online Library}
}
@article{gancedo2008moonlighting,
  title={Moonlighting proteins in yeasts},
  author={Gancedo, Carlos and Flores, Carmen-Lisset},
  journal={Microbiol. Mol. Biol. Rev.},
  volume={72},
  number={1},
  pages={197--210},
  year={2008},
  publisher={Am Soc Microbiol}
}
@article{dikicioglu2014improving,
  title={Improving functional annotation for industrial microbes: a case study with Pichia pastoris},
  author={Dikicioglu, Duygu and Wood, Valerie and Rutherford, Kim M and McDowall, Mark D and Oliver, Stephen G},
  journal={Trends in Biotechnology},
  volume={32},
  number={8},
  pages={396--399},
  year={2014},
  publisher={Elsevier}
}
@article{bernard2012reconciliation,
  title={Reconciliation of metabolites and biochemical reactions for metabolic networks},
  author={Bernard, Thomas and Bridge, Alan and Morgat, Anne and Moretti, S{\'e}bastien and Xenarios, Ioannis and Pagni, Marco},
  journal={Briefings in Bioinformatics},
  volume={15},
  number={1},
  pages={123--135},
  year={2012},
  publisher={Oxford University Press}
}
@article{schnoes2009annotation,
  title={Annotation error in public databases: misannotation of molecular function in enzyme superfamilies},
  author={Schnoes, Alexandra M and Brown, Shoshana D and Dodevski, Igor and Babbitt, Patricia C},
  journal={PLoS Computational Biology},
  volume={5},
  number={12},
  pages={e1000605},
  year={2009},
  publisher={Public Library of Science}
}
@article{pereira2016improving,
  title={Improving the flux distributions simulated with genome-scale metabolic models of Saccharomyces cerevisiae},
  author={Pereira, Rui and Nielsen, Jens and Rocha, Isabel},
  journal={Metabolic Engineering Communications},
  volume={3},
  pages={153--163},
  year={2016},
  publisher={Elsevier}
}
@article{orth2010flux,
  title={What is flux balance analysis?},
  author={Orth, Jeffrey D and Thiele, Ines and Palsson, Bernhard {\O}},
  journal={Nature Biotechnology},
  volume={28},
  number={3},
  pages={245},
  year={2010},
  publisher={Nature Publishing Group}
}
@article{chen2012metabolic,
  title={Metabolic network reconstruction: advances in in silico interpretation of analytical information},
  author={Chen, Ning and del Val, Ioscani Jimenez and Kyriakopoulos, Sarantos and Polizzi, Karen M and Kontoravdi, Cleo},
  journal={Current Opinion in Biotechnology},
  volume={23},
  number={1},
  pages={77--82},
  year={2012},
  publisher={Elsevier}
}
@article{hamilton2013quantitative,
  title={Quantitative assessment of thermodynamic constraints on the solution space of genome-scale metabolic models},
  author={Hamilton, Joshua J and Dwivedi, Vivek and Reed, Jennifer L},
  journal={Biophysical Journal},
  volume={105},
  number={2},
  pages={512--522},
  year={2013},
  publisher={Elsevier}
}
@article{bailey1991toward,
  title={Toward a science of metabolic engineering},
  author={Bailey, James E},
  journal={Science},
  volume={252},
  number={5013},
  pages={1668--1675},
  year={1991},
  publisher={American Association for the Advancement of Science}
}
@article{stephanopoulos1991network,
  title={Network rigidity and metabolic engineering in metabolite overproduction},
  author={Stephanopoulos, Gregory and Vallino, Joseph J},
  journal={Science},
  volume={252},
  number={5013},
  pages={1675--1681},
  year={1991},
  publisher={American Association for the Advancement of Science}
}
@article{stephanopoulos1999metabolic,
  title={Metabolic fluxes and metabolic engineering},
  author={Stephanopoulos, Gregory},
  journal={Metabolic Engineering},
  volume={1},
  number={1},
  pages={1--11},
  year={1999},
  publisher={Elsevier}
}
@article{stephanopoulos2012synthetic,
  title={Synthetic biology and metabolic engineering},
  author={Stephanopoulos, Gregory},
  journal={ACS Synthetic Biology},
  volume={1},
  number={11},
  pages={514--525},
  year={2012},
  publisher={ACS Publications}
}
@article{woolston2013metabolic,
  title={Metabolic engineering: past and future},
  author={Woolston, Benjamin M and Edgar, Steven and Stephanopoulos, Gregory},
  journal={Annual Review of Chemical and Biomolecular Engineering},
  volume={4},
  pages={259--288},
  year={2013},
  publisher={Annual Reviews}
}
@article{kitano2002systems,
  title={Systems biology: a brief overview},
  author={Kitano, Hiroaki},
  journal={Science},
  volume={295},
  number={5560},
  pages={1662--1664},
  year={2002},
  publisher={American Association for the Advancement of Science}
}
@article{westerhoff2004evolution,
  title={The evolution of molecular biology into systems biology},
  author={Westerhoff, Hans V and Palsson, Bernhard O},
  journal={Nature Biotechnology},
  volume={22},
  number={10},
  pages={1249},
  year={2004},
  publisher={Nature Publishing Group}
}
@article{lee2005systems,
  title={Systems biotechnology for strain improvement},
  author={Lee, Sang Yup and Lee, Dong-Yup and Kim, Tae Yong},
  journal={Trends in Biotechnology},
  volume={23},
  number={7},
  pages={349--358},
  year={2005},
  publisher={Elsevier}
}
@book{bellouquid2006mathematical,
  title={Mathematical modeling of complex biological systems},
  author={Bellouquid, Abdelghani and Delitala, Marcello},
  year={2006},
  publisher={Springer}
}
@book{kremling2013systems,
  title={Systems biology: mathematical modeling and model analysis},
  author={Kremling, Andreas},
  year={2013},
  publisher={Chapman and Hall/CRC}
}
@article{bruggeman2007nature,
  title={The nature of systems biology},
  author={Bruggeman, Frank J and Westerhoff, Hans V},
  journal={Trends in Microbiology},
  volume={15},
  number={1},
  pages={45--50},
  year={2007},
  publisher={Elsevier}
}
@article{shahzad2012application,
  title={Application of top-down and bottom-up systems approaches in ruminant physiology and metabolism},
  author={Shahzad, Khuram and J Loor, Juan},
  journal={Current Genomics},
  volume={13},
  number={5},
  pages={379--394},
  year={2012},
  publisher={Bentham Science Publishers}
}
@article{pinzon2018mathematical,
  title={Mathematical Framework Behind the Reconstruction and Analysis of Genome Scale Metabolic Models},
  author={Pinzon, W and Vega, H and Gonzalez, J and Pinzon, A},
  journal={Archives of Computational Methods in Engineering},
  pages={1--14},
  year={2018},
  publisher={Springer}
}
@article{durot2008genome,
  title={Genome-scale models of bacterial metabolism: reconstruction and applications},
  author={Durot, Maxime and Bourguignon, Pierre-Yves and Schachter, Vincent},
  journal={FEMS Microbiology Reviews},
  volume={33},
  number={1},
  pages={164--190},
  year={2008},
  publisher={Federation of European Microbiological Societies}
}
@article{jamshidi2008formulating,
  title={Formulating genome-scale kinetic models in the post-genome era},
  author={Jamshidi, Neema and Palsson, Bernhard {\O}},
  journal={Molecular Systems Biology},
  volume={4},
  number={1},
  year={2008},
  publisher={John Wiley \& Sons, Ltd}
}
@article{machado2014systematic,
  title={Systematic evaluation of methods for integration of transcriptomic data into constraint-based models of metabolism},
  author={Machado, Daniel and Herrg{\aa}rd, Markus},
  journal={PLoS Computational Biology},
  volume={10},
  number={4},
  pages={e1003580},
  year={2014},
  publisher={Public Library of Science}
}
@article{ramkrishna2012dynamic,
  title={Dynamic models of metabolism: Review of the cybernetic approach},
  author={Ramkrishna, Doraiswami and Song, Hyun-Seob},
  journal={AIChE Journal},
  volume={58},
  number={4},
  pages={986--997},
  year={2012},
  publisher={Wiley Online Library}
}



@article{heavner2015transparency,
  title={Transparency in metabolic network reconstruction enables scalable biological discovery},
  author={Heavner, Benjamin D and Price, Nathan D},
  journal={Current Opinion in Biotechnology},
  volume={34},
  pages={105--109},
  year={2015},
  publisher={Elsevier}
}
@article{goffeau1997multidrug,
  title={Multidrug-resistant transport proteins in yeast: complete inventory and phylogenetic characterization of yeast open reading frames within the major facilitator superfamily},
  author={Goffeau, Andr{\'e} and Park, Jay and Paulsen, Ian T and JONNIAUX, JEAN-LUC and Dinh, Thien and Mordant, Philippe and SAIER JR, MILTON H},
  journal={Yeast},
  volume={13},
  number={1},
  pages={43--54},
  year={1997},
  publisher={Wiley Online Library}
}
@article{dujon1996yeast,
  title={The yeast genome project: what did we learn?},
  author={Dujon, Bernard},
  journal={Trends in Genetics},
  volume={12},
  number={7},
  pages={263--270},
  year={1996},
  publisher={Elsevier}
}
@article{botstein1997yeast,
  title={Yeast as a model organism},
  author={Botstein, David and Chervitz, Steven A and Cherry, Michael},
  journal={Science},
  volume={277},
  number={5330},
  pages={1259--1260},
  year={1997},
  publisher={American Association for the Advancement of Science}
}
@article{gelinas2009inventions,
  title={Inventions on baker's yeast strains and specialty ingredients},
  author={G{\'e}linas, Pierre},
  journal={Recent Patents on Food, Nutrition \& Agriculture},
  volume={1},
  number={2},
  pages={104--132},
  year={2009},
  publisher={Bentham Science Publishers}
}
@article{barnett1998history,
  title={A history of research on yeasts 1: work by chemists and biologists 1789--1850},
  author={Barnett, James A},
  journal={Yeast},
  volume={14},
  number={16},
  pages={1439--1451},
  year={1998},
  publisher={Wiley Online Library}
}
@article{barnett2000history,
  title={A history of research on yeasts 2: Louis Pasteur and his contemporaries, 1850--1880},
  author={Barnett, James A},
  journal={Yeast},
  volume={16},
  number={8},
  pages={755--771},
  year={2000},
  publisher={Wiley Online Library}
}
@article{derisi1997exploring,
  title={Exploring the metabolic and genetic control of gene expression on a genomic scale},
  author={DeRisi, Joseph L and Iyer, Vishwanath R and Brown, Patrick O},
  journal={Science},
  volume={278},
  number={5338},
  pages={680--686},
  year={1997},
  publisher={American Association for the Advancement of Science}
}
@article{cho1998parallel,
  title={Parallel analysis of genetic selections using whole genome oligonucleotide arrays},
  author={Cho, Raymond J and Fromont-Racine, Micheline and Wodicka, Lisa and Feierbach, Becket and Stearns, Timothy and Legrain, Pierre and Lockhart, David J and Davis, Ronald W},
  journal={Proceedings of the National Academy of Sciences},
  volume={95},
  number={7},
  pages={3752--3757},
  year={1998},
  publisher={National Acad Sciences}
}
@article{lopes2017genome,
  title={Genome-scale modeling of yeast: chronology, applications and critical perspectives},
  author={Lopes, Helder and Rocha, Isabel},
  journal={FEMS Yeast Research},
  volume={17},
  number={5},
  year={2017},
  publisher={Oxford University Press}
}
@article{agren2013raven,
  title={The RAVEN toolbox and its use for generating a genome-scale metabolic model for Penicillium chrysogenum},
  author={Agren, Rasmus and Liu, Liming and Shoaie, Saeed and Vongsangnak, Wanwipa and Nookaew, Intawat and Nielsen, Jens},
  journal={PLoS Computational Biology},
  volume={9},
  number={3},
  pages={e1002980},
  year={2013},
  publisher={Public Library of Science}
}
@article{wang2018raven,
  title={RAVEN 2.0: A versatile toolbox for metabolic network reconstruction and a case study on Streptomyces coelicolor},
  author={Wang, Hao and Marci{\v{s}}auskas, Simonas and S{\'a}nchez, Benjam{\'\i}n J and Domenzain, Iv{\'a}n and Hermansson, Daniel and Agren, Rasmus and Nielsen, Jens and Kerkhoven, Eduard J},
  journal={PLoS Computational Biology},
  volume={14},
  number={10},
  pages={e1006541},
  year={2018},
  publisher={Public Library of Science}
}
@article{lewis2012constraining,
  title={Constraining the metabolic genotype--phenotype relationship using a phylogeny of in silico methods},
  author={Lewis, Nathan E and Nagarajan, Harish and Palsson, Bernhard O},
  journal={Nature Reviews Microbiology},
  volume={10},
  number={4},
  pages={291--305},
  year={2012},
  publisher={Nature Publishing Group}
}
@article{lagunas1983role,
  title={Role of phosphate in the regulation of the Pasteur effect in Saccharomyces cerevisiae},
  author={Lagunas, Rosario and Gancedo, Carlos},
  journal={European Journal of Biochemistry},
  volume={137},
  number={3},
  pages={479--483},
  year={1983},
  publisher={Wiley Online Library}
}
@article{kaliterna1995transient,
  title={Transient responses of Candida utilis to oxygen limitation: regulation of the Kluyver effect for maltose},
  author={Kaliterna, Janko and Weusthuis, Ruud A and Castrillo, Juan I and Van Dijken, Johannes P and Pronk, Jack T},
  journal={Yeast},
  volume={11},
  number={4},
  pages={317--325},
  year={1995},
  publisher={Wiley Online Library}
}
@article{scheffers1966stimulation,
  title={Stimulation of fermentation in yeasts by acetoin and oxygen},
  author={Scheffers, WA},
  journal={Nature},
  volume={210},
  number={5035},
  pages={533--534},
  year={1966},
  publisher={Springer}
}
@article{kanehisa2000kegg,
  title={KEGG: kyoto encyclopedia of genes and genomes},
  author={Kanehisa, Minoru and Goto, Susumu},
  journal={Nucleic Acids Research},
  volume={28},
  number={1},
  pages={27--30},
  year={2000},
  publisher={Oxford University Press}
}
@article{wong2018precise,
  title={Precise, automated control of conditions for high-throughput growth of yeast and bacteria with eVOLVER},
  author={Wong, Brandon G and Mancuso, Christopher P and Kiriakov, Szilvia and Bashor, Caleb J and Khalil, Ahmad S},
  journal={Nature Biotechnology},
  volume={36},
  number={7},
  pages={614--623},
  year={2018},
  publisher={Nature Publishing Group}
}
@article{lacroix2017model,
  title={A model for designing adaptive laboratory evolution experiments},
  author={LaCroix, Ryan A and Palsson, Bernhard O and Feist, Adam M},
  journal={Applied and Environmental Microbiology},
  volume={83},
  number={8},
  year={2017},
  publisher={Am Soc Microbiol}
}
@article{fletcher2017evolutionary,
  title={Evolutionary engineering reveals divergent paths when yeast is adapted to different acidic environments},
  author={Fletcher, Eugene and Feizi, Amir and Bisschops, Markus MM and Hallstr{\"o}m, Bj{\"o}rn M and Khoomrung, Sakda and Siewers, Verena and Nielsen, Jens},
  journal={Metabolic Engineering},
  volume={39},
  pages={19--28},
  year={2017},
  publisher={Elsevier}
}
@article{caspeta2014altered,
  title={Altered sterol composition renders yeast thermotolerant},
  author={Caspeta, Luis and Chen, Yun and Ghiaci, Payam and Feizi, Amir and Buskov, Steen and Hallstr{\"o}m, Bj{\"o}rn M and Petranovic, Dina and Nielsen, Jens},
  journal={Science},
  volume={346},
  number={6205},
  pages={75--78},
  year={2014},
  publisher={American Association for the Advancement of Science}
}
@article{dhar2011adaptation,
  title={Adaptation of Saccharomyces cerevisiae to saline stress through laboratory evolution},
  author={Dhar, Riddhiman and S{\"a}gesser, Rudolf and Weikert, Christian and Yuan, Ju and Wagner, Andreas},
  journal={Journal of Evolutionary Biology},
  volume={24},
  number={5},
  pages={1135--1153},
  year={2011},
  publisher={Wiley Online Library}
}
@article{gaxiola1992novel,
  title={A novel and conserved salt-induced protein is an important determinant of salt tolerance in yeast.},
  author={Gaxiola, Roberto and De Larrinoa, I{\~n}igo F and Villalba, Jos{\'e} M and Serrano, Ram{\'o}n},
  journal={The EMBO Journal},
  volume={11},
  number={9},
  pages={3157--3164},
  year={1992}
}
@article{mans2018under,
  title={Under pressure: evolutionary engineering of yeast strains for improved performance in fuels and chemicals production},
  author={Mans, Robert and Daran, Jean-Marc G and Pronk, Jack T},
  journal={Current Opinion in Biotechnology},
  volume={50},
  pages={47--56},
  year={2018},
  publisher={Elsevier}
}
@article{,
  title={The sole introduction of two single-point mutations establishes glycerol utilization in Saccharomyces cerevisiae CEN. PK derivatives},
  author={Ho, Ping-Wei and Swinnen, Steve and Duitama, Jorge and Nevoigt, Elke},
  journal={Biotechnology for Biofuels},
  volume={10},
  number={1},
  pages={10},
  year={2017},
  publisher={Springer}
}
@article{ho2017sole,
  title={The sole introduction of two single-point mutations establishes glycerol utilization in Saccharomyces cerevisiae CEN. PK derivatives},
  author={Ho, Ping-Wei and Swinnen, Steve and Duitama, Jorge and Nevoigt, Elke},
  journal={Biotechnology for Biofuels},
  volume={10},
  number={1},
  pages={10},
  year={2017},
  publisher={Springer}
}
@article{bracher2017laboratory,
  title={Laboratory evolution of a biotin-requiring Saccharomyces cerevisiae strain for full biotin prototrophy and identification of causal mutations},
  author={Bracher, Jasmine M and de Hulster, Erik and Koster, Charlotte C and van den Broek, Marcel and Daran, Jean-Marc G and van Maris, Antonius JA and Pronk, Jack T},
  journal={Applied and Environmental Microbiology},
  volume={83},
  number={16},
  year={2017},
  publisher={Am Soc Microbiol}
}
@article{smith2014simultaneously,
  title={Simultaneously improving xylose fermentation and tolerance to lignocellulosic inhibitors through evolutionary engineering of recombinant Saccharomyces cerevisiaeharbouring xylose isomerase},
  author={Smith, Justin and Van Rensburg, Eugene and G{\"o}rgens, Johann F},
  journal={BMC Biotechnology},
  volume={14},
  number={1},
  pages={41},
  year={2014},
  publisher={Springer}
}
@article{voordeckers2015adaptation,
  title={Adaptation to high ethanol reveals complex evolutionary pathways},
  author={Voordeckers, Karin and Kominek, Jacek and Das, Anupam and Espinosa-Cantu, Adriana and De Maeyer, Dries and Arslan, Ahmed and Van Pee, Michiel and van der Zande, Elisa and Meert, Wim and Yang, Yudi and others},
  journal={PLoS Genetics},
  volume={11},
  number={11},
  pages={e1005635},
  year={2015},
  publisher={Public Library of Science}
}
@article{phaneuf2019aledb,
  title={ALEdb 1.0: a database of mutations from adaptive laboratory evolution experimentation},
  author={Phaneuf, Patrick V and Gosting, Dennis and Palsson, Bernhard O and Feist, Adam M},
  journal={Nucleic Acids Research},
  volume={47},
  number={D1},
  pages={D1164--D1171},
  year={2019},
  publisher={Oxford University Press}
}
@article{palsson2011adaptive,
  title={Adaptive laboratory evolution this tool for studying molecular mechanisms and evolutionary dynamics follows bacteria as they adapt to environmental stress},
  author={Palsson, Bernhard},
  journal={Microbe},
  volume={6},
  number={2},
  pages={69},
  year={2011}
}
@article{beg2007intracellular,
  title={Intracellular crowding defines the mode and sequence of substrate uptake by Escherichia coli and constrains its metabolic activity},
  author={Beg, Qasim K and Vazquez, Alexei and Ernst, Jason and de Menezes, Marcio A and Bar-Joseph, Ziv and Barab{\'a}si, A-L and Oltvai, Zolt{\'a}n N},
  journal={Proceedings of the National Academy of Sciences},
  volume={104},
  number={31},
  pages={12663--12668},
  year={2007},
  publisher={National Acad Sciences}
}
@article{schomburg2012brenda,
  title={BRENDA in 2013: integrated reactions, kinetic data, enzyme function data, improved disease classification: new options and contents in BRENDA},
  author={Schomburg, Ida and Chang, Antje and Placzek, Sandra and S{\"o}hngen, Carola and Rother, Michael and Lang, Maren and Munaretto, Cornelia and Ulas, Susanne and Stelzer, Michael and Grote, Andreas and others},
  journal={Nucleic Acids Research},
  volume={41},
  number={D1},
  pages={D764--D772},
  year={2012},
  publisher={Oxford University Press}
}
@article{adadi2012prediction,
  title={Prediction of microbial growth rate versus biomass yield by a metabolic network with kinetic parameters},
  author={Adadi, Roi and Volkmer, Benjamin and Milo, Ron and Heinemann, Matthias and Shlomi, Tomer},
  journal={PLoS Computational Biology},
  volume={8},
  number={7},
  pages={e1002575},
  year={2012},
  publisher={Public Library of Science}
}
@article{cline2007integration,
  title={Integration of biological networks and gene expression data using Cytoscape},
  author={Cline, Melissa S and Smoot, Michael and Cerami, Ethan and Kuchinsky, Allan and Landys, Nerius and Workman, Chris and Christmas, Rowan and Avila-Campilo, Iliana and Creech, Michael and Gross, Benjamin and others},
  journal={Nature Protocols},
  volume={2},
  number={10},
  pages={2366},
  year={2007},
  publisher={Nature Publishing Group}
}
@incollection{konig2010fluxviz,
  title={Fluxviz—Cytoscape plug-in for visualization of flux distributions in networks},
  author={K{\"o}nig, Matthias and Holzh{\"u}tter, Hermann-Georg},
  booktitle={Genome Informatics 2010: Genome Informatics Series Vol. 24},
  pages={96--103},
  year={2010},
  publisher={World Scientific}
}
@misc{AvlantGithub,
title = {solveLinMin: Code of Implementation of pFBA},
  author = {Avlant Nilsson},
  year = {2019},
  publisher = {GitHub},
  journal = {GitHub Repository},
  howpublished = {GitHub, SysBioChalmers, EnzymeConstrainedSmallYeast, sourceCode, solveLinMin},
  commit = {aac0a0e97d9189bbffe6e8ac0ddf539945bae3e6}
}
@article{hucka2018systems,
  title={The Systems Biology Markup Language (SBML): language specification for level 3 version 2 core},
  author={Hucka, Michael and Bergmann, Frank T and Dr{\"a}ger, Andreas and Hoops, Stefan and Keating, Sarah M and Le Nov{\`e}re, Nicolas and Myers, Chris J and Olivier, Brett G and Sahle, Sven and Schaff, James C and others},
  journal={Journal of Integrative Bioinformatics},
  volume={15},
  number={1},
  year={2018},
  publisher={De Gruyter}
}
@misc{gurobi,
  author = "Gurobi Optimization, LLC",
  title = "Gurobi Optimizer Reference Manual",
  year = 2019,
}
@book{MATLAB2019,
year = {2019},
author = {MATLAB},
title = {version 9.6.0 (R2019a Update 3)},
publisher = {The MathWorks Inc.},
address = {Natick, Massachusetts}
}
@article{lu2019consensus,
  title={A consensus S. cerevisiae metabolic model Yeast8 and its ecosystem for comprehensively probing cellular metabolism},
  author={Lu, Hongzhong and Li, Feiran and S{\'a}nchez, Benjam{\'\i}n J and Zhu, Zhengming and Li, Gang and Domenzain, Iv{\'a}n and Marci{\v{s}}auskas, Simonas and Anton, Petre Mihail and Lappa, Dimitra and Lieven, Christian and others},
  journal={Nature Communications},
  volume={10},
  number={1},
  pages={1--13},
  year={2019},
  publisher={Nature Publishing Group}
}
@article{bro2006silico,
  title={In silico aided metabolic engineering of Saccharomyces cerevisiae for improved bioethanol production},
  author={Bro, Christoffer and Regenberg, Birgitte and F{\"o}rster, Jochen and Nielsen, Jens},
  journal={Metabolic Engineering},
  volume={8},
  number={2},
  pages={102--111},
  year={2006},
  publisher={Elsevier}
}
@article{ng2012production,
  title={Production of 2, 3-butanediol in Saccharomyces cerevisiae by in silico aided metabolic engineering},
  author={Ng, ChiamYu and Jung, Moo-young and Lee, Jinwon and Oh, Min-Kyu},
  journal={Microbial Cell Factories},
  volume={11},
  number={1},
  pages={68},
  year={2012},
  publisher={Springer}
}
@article{burgard2003optknock,
  title={Optknock: a bilevel programming framework for identifying gene knockout strategies for microbial strain optimization},
  author={Burgard, Anthony P and Pharkya, Priti and Maranas, Costas D},
  journal={Biotechnology and Bioengineering},
  volume={84},
  number={6},
  pages={647--657},
  year={2003},
  publisher={Wiley Online Library}
}
@article{xu2012fumaric,
  title={Fumaric acid production in Saccharomyces cerevisiae by in silico aided metabolic engineering},
  author={Xu, Guoqiang and Zou, Wei and Chen, Xiulai and Xu, Nan and Liu, Liming and Chen, Jian},
  journal={PloS One},
  volume={7},
  number={12},
  pages={e52086},
  year={2012},
  publisher={Public Library of Science}
}
@article{sun2014identification,
  title={Identification of novel knockout targets for improving terpenoids biosynthesis in Saccharomyces cerevisiae},
  author={Sun, Zhiqiang and Meng, Hailin and Li, Jing and Wang, Jianfeng and Li, Qian and Wang, Yong and Zhang, Yansheng},
  journal={PloS One},
  volume={9},
  number={11},
  pages={e112615},
  year={2014},
  publisher={Public Library of Science}
}
@article{larsson2000importance,
  title={The importance of ATP as a regulator of glycolytic flux in Saccharomyces cerevisiae},
  author={Larsson, Christer and P{\aa}hlman, Inga-lill and Gustafsson, Lena},
  journal={Yeast},
  volume={16},
  number={9},
  pages={797--809},
  year={2000},
  publisher={Wiley Online Library}
}
@article{diaz2008mitochondrial,
  title={Mitochondrial Oxidative Phosphorylation Is Regulated by Fructose 1, 6-Bisphosphate A Possible Role in Crabtree Effect Induction?},
  author={D{\'\i}az-Ruiz, Rodrigo and Av{\'e}ret, Nicole and Araiza, Daniela and Pinson, Beno{\^\i}t and Uribe-Carvajal, Salvador and Devin, Anne and Rigoulet, Michel},
  journal={Journal of Biological Chemistry},
  volume={283},
  number={40},
  pages={26948--26955},
  year={2008},
  publisher={ASBMB}
}
@article{ter2001transcriptome,
  title={Transcriptome meets metabolome: hierarchical and metabolic regulation of the glycolytic pathway},
  author={ter Kuile, Benno H and Westerhoff, Hans V},
  journal={FEBS Letters},
  volume={500},
  number={3},
  pages={169--171},
  year={2001},
  publisher={Wiley Online Library}
}
@article{liu1999transcriptional,
  title={A transcriptional switch in the expression of yeast tricarboxylic acid cycle genes in response to a reduction or loss of respiratory function},
  author={Liu, Zhengchang and Butow, Ronald A},
  journal={Molecular and Cellular Biology},
  volume={19},
  number={10},
  pages={6720--6728},
  year={1999},
  publisher={Am Soc Microbiol}
}
@article{coleman1975regulation,
  title={Regulation of citrate synthase activity ofSaccharomyces cerevisiae},
  author={Coleman, JS and Bhattacharjee, JK},
  journal={Antonie van Leeuwenhoek},
  volume={41},
  number={1},
  pages={249--256},
  year={1975},
  publisher={Springer}
}
@article{gadde1997mutations,
  title={Mutations in theIDH2Gene Encoding the Catalytic Subunit of the Yeast NAD+-Dependent Isocitrate Dehydrogenase Can Be Suppressed by Mutations in theCIT1Gene Encoding Citrate Synthase and Other Genes of Oxidative Metabolism},
  author={Gadde, Devi M and McCammon, Mark T},
  journal={Archives of Biochemistry and Biophysics},
  volume={344},
  number={1},
  pages={139--149},
  year={1997},
  publisher={Elsevier}
}
@article{bakker2001stoichiometry,
  title={Stoichiometry and compartmentation of NADH metabolism in Saccharomyces cerevisiae},
  author={Bakker, Barbara M and Overkamp, Karin M and van Maris, Antonius JA and K{\"o}tter, Peter and Luttik, Marijke AH and van Dijken, Johannes P and Pronk, Jack T},
  journal={FEMS Microbiology Reviews},
  volume={25},
  number={1},
  pages={15--37},
  year={2001},
  publisher={Blackwell Publishing Ltd Oxford, UK}
}
@article{zitomer1979transcriptional,
  title={Transcriptional regulation of the yeast cytochrome c gene},
  author={Zitomer, Richard S and Montgomery, Donna L and Nichols, Diane L and Hall, Benjamin D},
  journal={Proceedings of the National Academy of Sciences},
  volume={76},
  number={8},
  pages={3627--3631},
  year={1979},
  publisher={National Acad Sciences}
}
@article{de1987mitochondrial,
  title={The mitochondrial respiratory chain of yeast. Structure and biosynthesis and the role in cellular metabolism},
  author={de Vries, Simon and Marres, Carla AM},
  journal={Biochimica et Biophysica Acta (BBA)-Reviews on Bioenergetics},
  volume={895},
  number={3},
  pages={205--239},
  year={1987},
  publisher={Elsevier}
}
@article{cimini2009global,
  title={Global transcriptional response of Saccharomyces cerevisiae to the deletion of SDH3},
  author={Cimini, Donatella and Patil, Kiran R and Schiraldi, Chiara and Nielsen, Jens},
  journal={BMC Systems Biology},
  volume={3},
  number={1},
  pages={17},
  year={2009},
  publisher={Springer}
}
@article{Strijbis2010,
  year = {2010},
  month = oct,
  publisher = {American Society for Microbiology},
  volume = {9},
  number = {12},
  pages = {1809--1815},
  author = {Karin Strijbis and Ben Distel},
  title = {Intracellular Acetyl Unit Transport in Fungal Carbon Metabolism},
  journal = {Eukaryotic Cell}
}
@article{daran2004role,
  title={Role of transcriptional regulation in controlling fluxes in central carbon metabolism of Saccharomyces cerevisiae A chemostat culture study},
  author={Daran-Lapujade, Pascale and Jansen, Mickel LA and Daran, Jean-Marc and van Gulik, Walter and de Winde, Johannes H and Pronk, Jack T},
  journal={Journal of Biological Chemistry},
  volume={279},
  number={10},
  pages={9125--9138},
  year={2004},
  publisher={ASBMB}
}
@article{aung2013revising,
  title={Revising the representation of fatty acid, glycerolipid, and glycerophospholipid metabolism in the consensus model of yeast metabolism},
  author={Aung, Hnin W and Henry, Susan A and Walker, Larry P},
  journal={Industrial Biotechnology},
  volume={9},
  number={4},
  pages={215--228},
  year={2013},
  publisher={Mary Ann Liebert, Inc. 140 Huguenot Street, 3rd Floor New Rochelle, NY 10801 USA}
}
@article{chowdhury2015using,
  title={Using gene essentiality and synthetic lethality information to correct yeast and CHO cell genome-scale models},
  author={Chowdhury, Ratul and Chowdhury, Anupam and Maranas, Costas},
  journal={Metabolites},
  volume={5},
  number={4},
  pages={536--570},
  year={2015},
  publisher={Multidisciplinary Digital Publishing Institute}
}
@article{nilsson2016metabolic,
  title={Metabolic trade-offs in yeast are caused by F1F0-ATP synthase},
  author={Nilsson, Avlant and Nielsen, Jens},
  journal={Scientific Reports},
  volume={6},
  pages={22264},
  year={2016},
  publisher={Nature Publishing Group}
}
@article{van1998effect,
  title={Effect of specific growth rate on fermentative capacity of baker’s yeast},
  author={Van Hoek, PIM and Van Dijken, Johannes P and Pronk, Jack T},
  journal={Appl. Environ. Microbiol.},
  volume={64},
  number={11},
  pages={4226--4233},
  year={1998},
  publisher={Am Soc Microbiol}
}
@article{mahadevan2003effects,
  title={The effects of alternate optimal solutions in constraint-based genome-scale metabolic models},
  author={Mahadevan, R and Schilling, CH},
  journal={Metabolic Engineering},
  volume={5},
  number={4},
  pages={264--276},
  year={2003},
  publisher={Elsevier}
}
@article{mahadevan2003effects,
  title={The effects of alternate optimal solutions in constraint-based genome-scale metabolic models},
  author={Mahadevan, R and Schilling, CH},
  journal={Metabolic Engineering},
  volume={5},
  number={4},
  pages={264--276},
  year={2003},
  publisher={Elsevier}
}
@article{reed2004genome,
  title={Genome-scale in silico models of E. coli have multiple equivalent phenotypic states: assessment of correlated reaction subsets that comprise network states},
  author={Reed, Jennifer L and Palsson, Bernhard {\O}},
  journal={Genome Research},
  volume={14},
  number={9},
  pages={1797--1805},
  year={2004},
  publisher={Cold Spring Harbor Lab}
}
@article{thiele2010functional,
  title={Functional characterization of alternate optimal solutions of Escherichia coli's transcriptional and translational machinery},
  author={Thiele, Ines and Fleming, Ronan MT and Bordbar, Aarash and Schellenberger, Jan and Palsson, Bernhard {\O}},
  journal={Biophysical Journal},
  volume={98},
  number={10},
  pages={2072--2081},
  year={2010},
  publisher={Elsevier}
}
@article{gudmundsson2010computationally,
  title={Computationally efficient flux variability analysis},
  author={Gudmundsson, Steinn and Thiele, Ines},
  journal={BMC Bioinformatics},
  volume={11},
  number={1},
  pages={489},
  year={2010},
  publisher={BioMed Central}
}
@incollection{thiele2007bringing,
  title={Bringing genomes to life: the use of genome-scale in silico models},
  author={Thiele, Ines and Palsson, Bernhard {\O}},
  booktitle={Introduction to Systems Biology},
  pages={14--36},
  year={2007},
  publisher={Springer}
}


@article{kiatsupaibul2011analysis,
  title={An analysis of a variation of hit-and-run for uniform sampling from general regions},
  author={Kiatsupaibul, Seksan and Smith, Robert L and Zabinsky, Zelda B},
  journal={ACM Transactions on Modeling and Computer Simulation (TOMACS)},
  volume={21},
  number={3},
  pages={16},
  year={2011},
  publisher={ACM}
}
@book{palsson2006systems,
  title={Systems biology: properties of reconstructed networks},
  author={Palsson, Bernhard {\O}},
  year={2006},
  publisher={Cambridge university press}
}
@article{schuetz2012multidimensional,
  title={Multidimensional optimality of microbial metabolism},
  author={Schuetz, Robert and Zamboni, Nicola and Zampieri, Mattia and Heinemann, Matthias and Sauer, Uwe},
  journal={Science},
  volume={336},
  number={6081},
  pages={601--604},
  year={2012},
  publisher={American Association for the Advancement of Science}
}
@article{saa2016ll,
  title={ll-ACHRB: a scalable algorithm for sampling the feasible solution space of metabolic networks},
  author={Saa, Pedro A and Nielsen, Lars K},
  journal={Bioinformatics},
  volume={32},
  number={15},
  pages={2330--2337},
  year={2016},
  publisher={Oxford University Press}
}
@article{chiang1977activation,
  title={Activation of methionine for transmethylation. Purification of the S-adenosylmethionine synthetase of bakers' yeast and its separation into two forms.},
  author={Chiang, Peter K and GL, Cantoni},
  journal={The Journal of Biological Chemistry},
  year={1977}
}
@article{ugbogu2013contribution,
  title={The contribution of the nonhomologous region of Prs1 to the maintenance of cell wall integrity and cell viability},
  author={Ugbogu, Eziuche A and Wippler, Sonja and Euston, Matthew and Kouwenhoven, Evelyn N and de Brouwer, Arjan PM and Schweizer, Lilian M and Schweizer, Michael},
  journal={FEMS Yeast Research},
  volume={13},
  number={3},
  pages={291--301},
  year={2013},
  publisher={Blackwell Publishing Ltd Oxford, UK}
}
@article{schneiter2000importance,
  title={The importance of the five phosphoribosyl-pyrophosphate synthetase (Prs) gene products of Saccharomyces cerevisiae in the maintenance of cell integrity and the subcellular localization of Prs1p},
  author={Schneiter, Roger and Carter, Andrew T and Hernando, Yolanda and Zellnig, G{\"u}nther and Schweizer, Lilian M and Schweizer, Michael},
  journal={Microbiology},
  volume={146},
  number={12},
  pages={3269--3278},
  year={2000},
  publisher={Microbiology Society}
}
@article{jimenez2008phosphoribosyl,
  title={Phosphoribosyl pyrophosphate synthetase activity affects growth and riboflavin production in Ashbya gossypii},
  author={Jim{\'e}nez, Alberto and Santos, Mar{\'\i}a A and Revuelta, Jos{\'e} L},
  journal={BMC Biotechnology},
  volume={8},
  number={1},
  pages={1--12},
  year={2008},
  publisher={BioMed Central}
}
@article{arnold1997yeast,
  title={Yeast mitochondrial F1F0-ATPase: the novel subunit e is identical to Tim11},
  author={Arnold, Isabel and Bauer, Matthias F and Brunner, Michael and Neupert, Walter and Stuart, Rosemary A},
  journal={FEBS Letters},
  volume={411},
  number={2-3},
  pages={195--200},
  year={1997},
  publisher={Elsevier}
}
@article{trembath1975biogenesis,
  title={Biogenesis of mitochondria 36},
  author={Trembath, MK and Monk, BC and Kellerman, GM and Linnane, AW},
  journal={Molecular and General Genetics MGG},
  volume={141},
  number={1},
  pages={9--22},
  year={1975},
  publisher={Springer}
}
@article{tokatlidis1996translocation,
  title={Translocation arrest of an intramitochondrial sorting signal next to Tim11 at the inner-membrane import site},
  author={Tokatlidis, Kostas and Junne, Tina and Moes, Suzette and Schatz, Gottfried and Glick, Benjamin S},
  journal={Nature},
  volume={384},
  number={6609},
  pages={585--588},
  year={1996},
  publisher={Nature Publishing Group}
}
@article{meunier2013respiratory,
  title={Respiratory complex III dysfunction in humans and the use of yeast as a model organism to study mitochondrial myopathy and associated diseases},
  author={Meunier, B and Fisher, Nicholas and Ransac, S and Mazat, J-P and Brasseur, G},
  journal={Biochimica Et Biophysica Acta (BBA)-Bioenergetics},
  volume={1827},
  number={11-12},
  pages={1346--1361},
  year={2013},
  publisher={Elsevier}
}
@article{athenstaedt1997biosynthesis,
  title={Biosynthesis of phosphatidic acid in lipid particles and endoplasmic reticulum of Saccharomyces cerevisiae},
  author={Athenstaedt, Karin and Daum, Gunther},
  journal={Journal of Bacteriology},
  volume={179},
  number={24},
  pages={7611--7616},
  year={1997},
  publisher={Am Soc Microbiol}
}
@article{de2012yeast,
  title={The yeast acyltransferase Sct1p regulates fatty acid desaturation by competing with the desaturase Ole1p},
  author={De Smet, Cedric H and Vittone, Elisa and Scherer, Max and Houweling, Martin and Liebisch, Gerhard and Brouwers, Jos F and de Kroon, Anton IPM},
  journal={Molecular Biology of the Cell},
  volume={23},
  number={7},
  pages={1146--1156},
  year={2012},
  publisher={Am Soc Cell Biol}
}
@article{nosaka1994isolation,
  title={Isolation and characterization of the THI6 gene encoding a bifunctional thiamin-phosphate pyrophosphorylase/hydroxyethylthiazole kinase from Saccharomyces cerevisiae.},
  author={Nosaka, Kazuto and Nishimura, Hiroshi and Kawasaki, Yuko and Tsujihara, Takashi and Iwashima, Akio},
  journal={Journal of Biological Chemistry},
  volume={269},
  number={48},
  pages={30510--30516},
  year={1994},
  publisher={Elsevier}
}
@article{tan2008identification,
  title={Identification and characterization of the Arabidopsis gene encoding the tetrapyrrole biosynthesis enzyme uroporphyrinogen III synthase},
  author={Tan, Fui-Ching and Cheng, Qi and Saha, Kaushik and Heinemann, Ilka U and Jahn, Martina and Jahn, Dieter and Smith, Alison G},
  journal={Biochemical Journal},
  volume={410},
  number={2},
  pages={291--299},
  year={2008},
  publisher={Portland Press Ltd.}
}
@article{buttonbiochemical,
  title={Biochemical Basis for Whole-Cell Uptake Kinetics: Specific Affinity, Oligotrophic Capacity, and the Meaning of the Michaelis Constant},
  author={Button, DK}
}
@article{girrbach2003members,
  title={Members of the evolutionarily conserved PMT family of proteinO-mannosyltransferases form distinct protein complexes among themselves},
  author={Girrbach, Verena and Strahl, Sabine},
  journal={Journal of Biological Chemistry},
  volume={278},
  number={14},
  pages={12554--12562},
  year={2003},
  publisher={ASBMB}
}
@article{penninckx2002overview,
  title={An overview on glutathione in Saccharomyces versus non-conventional yeasts},
  author={Penninckx, Michel J},
  journal={FEMS Yeast Research},
  volume={2},
  number={3},
  pages={295--305},
  year={2002},
  publisher={Blackwell Publishing Ltd Oxford, UK}
}
@article{oltmanns1972biosynthesis,
  title={Biosynthesis of riboflavine in Saccharomyces cerevisiae: the role of genes rib 1 and rib 7},
  author={Oltmanns, O and Bacher, A},
  journal={Journal of Bacteriology},
  volume={110},
  number={3},
  pages={818--822},
  year={1972},
  publisher={Am Soc Microbiol}
}
@article{kepes1988yeast,
  title={The yeast SEC53 gene encodes phosphomannomutase.},
  author={Kepes, F and Schekman, R},
  journal={Journal of Biological Chemistry},
  volume={263},
  number={19},
  pages={9155--9161},
  year={1988},
  publisher={ASBMB}
}
@article{hasslacher1993acetyl,
  title={Acetyl-CoA carboxylase from yeast is an essential enzyme and is regulated by factors that control phospholipid metabolism},
  author={Hasslacher, M and Ivessa, AS and Paltauf, F and Kohlwein, SD},
  journal={Journal of Biological Chemistry},
  volume={268},
  number={15},
  pages={10946--10952},
  year={1993},
  publisher={Elsevier}
}
@article{morris1987yeast,
  title={Yeast pyruvate carboxylase: gene isolation},
  author={Morris, C Phillip and Lim, Filip and Wallace, John C},
  journal={Biochemical and Biophysical Research Communications},
  volume={145},
  number={1},
  pages={390--396},
  year={1987},
  publisher={Elsevier}
}
@article{tsibris1966studies,
  title={Studies on the binding and function of flavin phosphates with flavin mononucleotide-dependent enzymes},
  author={Tsibris, John CM and McCormick, Donald B and Wright, Lemuel D},
  journal={Journal of Biological Chemistry},
  volume={241},
  number={5},
  pages={1138--1143},
  year={1966},
  publisher={Elsevier}
}
@article{amillet1995isolation,
  title={Isolation of the gene HEM4 encoding uroporphyrinogen III synthase in Saccharomyces cerevisiae},
  author={Amillet, Jean-Michel and Labbe-Bois, Rosine},
  journal={Yeast},
  volume={11},
  number={5},
  pages={419--424},
  year={1995},
  publisher={Wiley Online Library}
}
@article{schellenberger2009use,
  title={Use of randomized sampling for analysis of metabolic networks},
  author={Schellenberger, Jan and Palsson, Bernhard {\O}},
  journal={Journal of Biological Chemistry},
  volume={284},
  number={9},
  pages={5457--5461},
  year={2009},
  publisher={ASBMB}
}
@article{saa2016ll,
  title={ll-ACHRB: a scalable algorithm for sampling the feasible solution space of metabolic networks},
  author={Saa, Pedro A and Nielsen, Lars K},
  journal={Bioinformatics},
  volume={32},
  number={15},
  pages={2330--2337},
  year={2016},
  publisher={Oxford University Press}
}
@article{mcdonald2019microbial,
  title={Microbial Experimental Evolution--a proving ground for evolutionary theory and a tool for discovery},
  author={McDonald, Michael J},
  journal={EMBO Reports},
  volume={20},
  number={8},
  year={2019},
  publisher={John Wiley \& Sons, Ltd}
}
@book{garland2009experimental,
  title={Experimental evolution: concepts, methods, and applications of selection experiments},
  author={Garland, Theodore and Rose, Michael Robertson},
  year={2009},
  publisher={University of California Press Berkeley, CA}
}
@article{loewe2009framework,
  title={A framework for evolutionary systems biology},
  author={Loewe, Laurence},
  journal={BMC Systems Biology},
  volume={3},
  number={1},
  pages={27},
  year={2009},
  publisher={BioMed Central}
}
@article{dujon2010yeast,
  title={Yeast evolutionary genomics},
  author={Dujon, Bernard},
  journal={Nature Reviews Genetics},
  volume={11},
  number={7},
  pages={512},
  year={2010},
  publisher={Nature Publishing Group}
}
@article{carroll2014applying,
  title={Applying evolutionary biology to address global challenges},
  author={Carroll, Scott P and J{\o}rgensen, Peter S{\o}gaard and Kinnison, Michael T and Bergstrom, Carl T and Denison, R Ford and Gluckman, Peter and Smith, Thomas B and Strauss, Sharon Y and Tabashnik, Bruce E},
  journal={Science},
  volume={346},
  number={6207},
  pages={1245993},
  year={2014},
  publisher={American Association for the Advancement of Science}
}

@article{nielsen2016engineering,
  title={Engineering cellular metabolism},
  author={Nielsen, Jens and Keasling, Jay D},
  journal={Cell},
  volume={164},
  number={6},
  pages={1185--1197},
  year={2016},
  publisher={Elsevier}
}
@incollection{winkler2013adaptive,
  title={Adaptive laboratory evolution for strain engineering},
  author={Winkler, James and Reyes, Luis H and Kao, Katy C},
  booktitle={Systems Metabolic Engineering},
  pages={211--222},
  year={2013},
  publisher={Springer}
}
@article{jeong2016procedure,
  title={Procedure for adaptive laboratory evolution of microorganisms using a chemostat},
  author={Jeong, Haeyoung and Lee, Sang J and Kim, Pil},
  journal={JoVE (Journal of Visualized Experiments)},
  number={115},
  pages={e54446},
  year={2016}
}
@article{dragosits2013adaptive,
  title={Adaptive laboratory evolution--principles and applications for biotechnology},
  author={Dragosits, Martin and Mattanovich, Diethard},
  journal={Microbial Cell Factories},
  volume={12},
  number={1},
  pages={64},
  year={2013},
  publisher={Springer}
}
@article{shepelin2018selecting,
  title={Selecting the best: evolutionary engineering of chemical production in microbes},
  author={Shepelin, Denis and Hansen, Anne Sofie L{\ae}rke and Lennen, Rebecca and Luo, Hao and Herrg{\aa}rd, Markus J},
  journal={Genes},
  volume={9},
  number={5},
  pages={249},
  year={2018},
  publisher={Multidisciplinary Digital Publishing Institute}
}
@article{conrad2011microbial,
  title={Microbial laboratory evolution in the era of genome-scale science},
  author={Conrad, Tom M and Lewis, Nathan E and Palsson, Bernhard {\O}},
  journal={Molecular Systems Biology},
  volume={7},
  number={1},
  year={2011},
  publisher={John Wiley \& Sons, Ltd}
}
@article{long2018adaptive,
  title={How adaptive evolution reshapes metabolism to improve fitness: recent advances and future outlook},
  author={Long, Christopher P and Antoniewicz, Maciek R},
  journal={Current Opinion in Chemical Engineering},
  volume={22},
  pages={209--215},
  year={2018},
  publisher={Elsevier}
}
@article{soyer2013evolutionary,
  title={Evolutionary systems biology: what it is and why it matters},
  author={Soyer, Orkun S and O'Malley, Maureen A},
  journal={BioEssays},
  volume={35},
  number={8},
  pages={696--705},
  year={2013},
  publisher={Wiley Online Library}
}
@article{price2004genome,
  title={Genome-scale models of microbial cells: evaluating the consequences of constraints},
  author={Price, Nathan D and Reed, Jennifer L and Palsson, Bernhard {\O}},
  journal={Nature Reviews Microbiology},
  volume={2},
  number={11},
  pages={886},
  year={2004},
  publisher={Nature Publishing Group}
}
@article{sanchez2017improving,
  title={Improving the phenotype predictions of a yeast genome-scale metabolic model by incorporating enzymatic constraints},
  author={S{\'a}nchez, Benjam{\'\i}n J and Zhang, Cheng and Nilsson, Avlant and Lahtvee, Petri-Jaan and Kerkhoven, Eduard J and Nielsen, Jens},
  journal={Molecular Systems Biology},
  volume={13},
  number={8},
  year={2017},
  publisher={John Wiley \& Sons, Ltd}
}
@article{huber2015orchestrating,
  title={Orchestrating high-throughput genomic analysis with Bioconductor},
  author={Huber, Wolfgang and Carey, Vincent J and Gentleman, Robert and Anders, Simon and Carlson, Marc and Carvalho, Benilton S and Bravo, Hector Corrada and Davis, Sean and Gatto, Laurent and Girke, Thomas and others},
  journal={Nature Methods},
  volume={12},
  number={2},
  pages={115},
  year={2015},
  publisher={Nature Publishing Group}
}
@article{davis2007geoquery,
  title={GEOquery: a bridge between the Gene Expression Omnibus (GEO) and BioConductor},
  author={Davis, Sean and Meltzer, Paul S},
  journal={Bioinformatics},
  volume={23},
  number={14},
  pages={1846--1847},
  year={2007},
  publisher={Oxford University Press}
}
@article{ritchie2015limma,
  title={limma powers differential expression analyses for RNA-sequencing and microarray studies},
  author={Ritchie, Matthew E and Phipson, Belinda and Wu, DI and Hu, Yifang and Law, Charity W and Shi, Wei and Smyth, Gordon K},
  journal={Nucleic Acids Research},
  volume={43},
  number={7},
  pages={e47--e47},
  year={2015},
  publisher={Oxford University Press}
}
@article{edwards2002characterizing,
  title={Characterizing the metabolic phenotype: a phenotype phase plane analysis},
  author={Edwards, Jeremy S and Ramakrishna, Ramprasad and Palsson, Bernhard O},
  journal={Biotechnology and Bioengineering},
  volume={77},
  number={1},
  pages={27--36},
  year={2002},
  publisher={Wiley Online Library}
}
@article{fouladiha2017biomedical,
  title={Biomedical applications of cell-and tissue-specific metabolic network models},
  author={Fouladiha, Hamideh and Marashi, Sayed-Amir},
  journal={Journal of Biomedical Informatics},
  volume={68},
  pages={35--49},
  year={2017},
  publisher={Elsevier}
}
@article{jeske2019brenda,
  title={BRENDA in 2019: a European ELIXIR core data resource},
  author={Jeske, Lisa and Placzek, Sandra and Schomburg, Ida and Chang, Antje and Schomburg, Dietmar},
  journal={Nucleic Acids Research},
  volume={47},
  number={D1},
  pages={D542--D549},
  year={2019},
  publisher={Oxford University Press}
}
@article{bordel2010sampling,
  title={Sampling the solution space in genome-scale metabolic networks reveals transcriptional regulation in key enzymes},
  author={Bordel, Sergio and Agren, Rasmus and Nielsen, Jens},
  journal={PLoS Computational Biology},
  volume={6},
  number={7},
  pages={e1000859},
  year={2010},
  publisher={Public Library of Science}
}
@article{boucherie1995differential,
  title={Differential synthesis of glyceraldehyde-3-phosphate dehydrogenase polypeptides in stressed yeast cells},
  author={Boucheri{\'e}, Helian and Bataille, Nelly and Fitch, Ian T and Perrot, Michel and Tuite, Mick F},
  journal={FEMS Microbiology Letters},
  volume={125},
  number={2-3},
  pages={127--133},
  year={1995},
  publisher={Blackwell Publishing Ltd Oxford, UK}
}
@article{barber2005gapdh,
  title={GAPDH as a housekeeping gene: analysis of GAPDH mRNA expression in a panel of 72 human tissues},
  author={Barber, Robert D and Harmer, Dan W and Coleman, Robert A and Clark, Brian J},
  journal={Physiological Genomics},
  volume={21},
  number={3},
  pages={389--395},
  year={2005},
  publisher={American Physiological Society}
}
@article{yang2008effects,
  title={Effects of hypoxia on mRNA expression of housekeeping genes in rat brain tissue and primary cultured neural cells},
  author={Yang, Yingzhong and Fan, Wenhong and Zhu, Lingling and Zhao, Tong and Ma, Lan and Wu, Yan and Ge, Rili and Fan, Ming},
  journal={Frontiers of Medicine in China},
  volume={2},
  number={3},
  pages={239--243},
  year={2008},
  publisher={Springer}
}
@article{sweeny2018glyceraldehyde,
  title={Glyceraldehyde-3-phosphate dehydrogenase is a chaperone that allocates labile heme in cells},
  author={Sweeny, Elizabeth A and Singh, Anuradha Bharara and Chakravarti, Ritu and Martinez-Guzman, Osiris and Saini, Arushi and Haque, Mohammad Mahfuzul and Garee, Greer and Dans, Pablo D and Hannibal, Luciana and Reddi, Amit R and others},
  journal={Journal of Biological Chemistry},
  volume={293},
  number={37},
  pages={14557--14568},
  year={2018},
  publisher={ASBMB}
}
@article{delgado2001glyceraldehyde,
  title={The glyceraldehyde-3-phosphate dehydrogenase polypeptides encoded by the Saccharomyces cerevisiae TDH1, TDH2 and TDH3 genes are also cell wall proteins},
  author={Delgado, M Luisa and O’Connor, Jos{\'e} E and Azor{\i}́n, Inmaculada and Renau-Piqueras, Jaime and Gil, M Luisa and Gozalbo, Daniel},
  journal={Microbiology},
  volume={147},
  number={2},
  pages={411--417},
  year={2001},
  publisher={Microbiology Society}
}
@article{chuang2005glyceraldehyde,
  title={Glyceraldehyde-3-phosphate dehydrogenase, apoptosis, and neurodegenerative diseases},
  author={Chuang, De-Maw and Hough, Christopher and Senatorov, Vladimir V},
  journal={Annu. Rev. Pharmacol. Toxicol.},
  volume={45},
  pages={269--290},
  year={2005},
  publisher={Annual Reviews}
}
@article{TuranlYldz2017,
  year = {2017},
  month = sep,
  publisher = {Elsevier {BV}},
  volume = {124},
  number = {3},
  pages = {309--318},
  author = {Burcu Turanl{\i}-Y{\i}ld{\i}z and Laurent Benbadis and Ceren Alk{\i}m and Tu{\u{g}}ba Sezgin and Arman Ak{\c{s}}it and Abd\"{u}lmecit G\"{o}k{\c{c}}e and Yavuz \"{O}zt\"{u}rk and Ahmet Tar{\i}k Baykal and Zeynep Petek {\c{C}}akar and Jean M. Fran{\c{c}}ois},
  title = {In~vivo evolutionary engineering for ethanol-tolerance of Saccharomyces cerevisiae haploid cells triggers diploidization},
  journal = {Journal of Bioscience and Bioengineering}
}
@article{Srmeli2019,
  year = {2019},
  month = nov,
  publisher = {Springer Science and Business Media {LLC}},
  volume = {35},
  number = {12},
  author = {Yusuf S\"{u}rmeli and Can Holyavkin and Alican Topalo{\u{g}}lu and Mevl\"{u}t Arslan and Halil {\.{I}}brahim K{\i}sakesen and Zeynep Petek {\c{C}}akar},
  title = {Evolutionary engineering and molecular characterization of a caffeine-resistant Saccharomyces cerevisiae strain},
  journal = {World Journal of Microbiology and Biotechnology}
}
@article{Hacsaliholu2019,
  year = {2019},
  month = apr,
  publisher = {Oxford University Press ({OUP})},
  volume = {19},
  number = {3},
  author = {Burcu Hac{\i}saliho{\u{g}}lu and Can Holyavkin and Alican Topalo{\u{g}}lu and Halil {\.{I}}brahim K{\i}sakesen and Zeynep Petek {\c{C}}akar},
  title = {Genomic and transcriptomic analysis of a coniferyl aldehyde-{resistantSaccharomyces} cerevisiaestrain obtained by evolutionary engineering},
  journal = {{FEMS} Yeast Research}
}
@article{adeboye2015catabolism,
  title={Catabolism of coniferyl aldehyde, ferulic acid and p-coumaric acid by Saccharomyces cerevisiae yields less toxic products},
  author={Adeboye, Peter Temitope and Bettiga, Maurizio and Aldaeus, Fredrik and Larsson, Per Tomas and Olsson, Lisbeth},
  journal={Microbial Cell Factories},
  volume={14},
  number={1},
  pages={149},
  year={2015},
  publisher={Springer}
}
@article{balaban2020evolutionary,
  title={Evolutionary Engineering of an Iron-Resistant Saccharomyces cerevisiae Mutant and Its Physiological and Molecular Characterization},
  author={Balaban, Berrak G{\"u}l{\c{c}}in and Y{\i}lmaz, {\"U}lk{\"u} and Alk{\i}m, Ceren and Topalo{\u{g}}lu, Alican and K{\i}sakesen, Halil {\.I}brahim and Holyavkin, Can and {\c{C}}akar, Zeynep Petek},
  journal={Microorganisms},
  volume={8},
  number={1},
  pages={43},
  year={2020},
  publisher={Multidisciplinary Digital Publishing Institute}
}
@article{kuccukgoze2013evolutionary,
  title={Evolutionary engineering and transcriptomic analysis of nickel-resistant Saccharomyces cerevisiae},
  author={K{\"u}{\c{c}}{\"u}kg{\"o}ze, G{\"o}khan and Alk{\i}m, Ceren and Y{\i}lmaz, {\"U}lk{\"u} and K{\i}sakesen, H {\.I}brahim and G{\"u}nd{\"u}z, Sema and Akman, S{\"u}leyman and {\c{C}}akar, Z Petek},
  journal={FEMS Yeast Research},
  volume={13},
  number={8},
  pages={731--746},
  year={2013},
  publisher={Blackwell Publishing Ltd Oxford, UK}
}
@article{turanli2017vivo,
  title={In vivo evolutionary engineering for ethanol-tolerance of Saccharomyces cerevisiae haploid cells triggers diploidization},
  author={Turanl{\i}-Y{\i}ld{\i}z, Burcu and Benbadis, Laurent and Alk{\i}m, Ceren and Sezgin, Tu{\u{g}}ba and Ak{\c{s}}it, Arman and G{\"o}k{\c{c}}e, Abd{\"u}lmecit and {\"O}zt{\"u}rk, Yavuz and Baykal, Ahmet Tar{\i}k and {\c{C}}akar, Zeynep Petek and Fran{\c{c}}ois, Jean M},
  journal={Journal of Bioscience and Bioengineering},
  volume={124},
  number={3},
  pages={309--318},
  year={2017},
  publisher={Elsevier}
}
@article{surmeli2019evolutionary,
  title={Evolutionary engineering and molecular characterization of a caffeine-resistant Saccharomyces cerevisiae strain},
  author={S{\"u}rmeli, Yusuf and Holyavkin, Can and Topalo{\u{g}}lu, Alican and Arslan, Mevl{\"u}t and K{\i}sakesen, Halil {\.I}brahim and {\c{C}}akar, Zeynep Petek},
  journal={World Journal of Microbiology and Biotechnology},
  volume={35},
  number={12},
  pages={1--16},
  year={2019},
  publisher={Springer}
}
@article{hacisalihouglu2019genomic,
  title={Genomic and transcriptomic analysis of a coniferyl aldehyde-resistant Saccharomyces cerevisiae strain obtained by evolutionary engineering},
  author={Hac{\i}saliho{\u{g}}lu, Burcu and Holyavkin, Can and Topalo{\u{g}}lu, Alican and K{\i}sakesen, Halil {\.I}brahim and {\c{C}}akar, Zeynep Petek},
  journal={FEMS Yeast Research},
  volume={19},
  number={3},
  pages={foz021},
  year={2019},
  publisher={Oxford University Press}
}
@phdthesis{holyavkin2013evrimsel,
  title={Evolutionary engineering of phenylethanol-resistant Saccharomyces cerevisiae},
  author={Holyavkin, Can},
  year={2013},
  school={Istanbul Technical University, Graduate School of Science, Engineering and Technology}
}
@article{terziouglu2020genomic,
  title={Genomic, transcriptomic and physiological analyses of silver-resistant Saccharomyces cerevisiae obtained by evolutionary engineering},
  author={Terzio{\u{g}}lu, Ergi and Alk{\i}m, Ceren and Arslan, Mevl{\"u}t and Balaban, Berrak G{\"u}l{\c{c}}in and Holyavkin, Can and K{\i}sakesen, Halil {\.I}brahim and Topalo{\u{g}}lu, Alican and Y{\i}lmaz {\c{S}}ahin, {\"U}lk{\"u} and G{\"u}nd{\"u}z I{\c{s}}{\i}k, Sema and Akman, S{\"u}leyman and others},
  journal={Yeast},
  volume={37},
  number={9-10},
  pages={413--426},
  year={2020},
  publisher={Wiley Online Library}
}
@article{horstmann2019transcriptome,
  title={Transcriptome profile with 20 nm silver nanoparticles in yeast},
  author={Horstmann, Cullen and Campbell, Chelsea and Kim, Daniel Sungwhi and Kim, Kyoungtae},
  journal={FEMS Yeast Research},
  year={2019}
}
@article{galvan2018zinc,
  title={Zinc oxide and silver nanoparticles toxicity in the baker's yeast, Saccharomyces cerevisiae},
  author={Galv{\'a}n M{\'a}rquez, Imelda and Ghiyasvand, Mergan and Massarsky, Andrey and Babu, Mohan and Samanfar, Bahram and Omidi, Katayoun and Moon, Thomas W and Smith, Myron L and Golshani, Ashkan},
  journal={PloS One},
  volume={13},
  number={3},
  pages={e0193111},
  year={2018},
  publisher={Public Library of Science San Francisco, CA USA}
}
@article{hohmann1991pdc6,
  title={PDC6, a weakly expressed pyruvate decarboxylase gene from yeast, is activated when fused spontaneously under the control of the PDC1 promoter},
  author={Hohmann, Stefan},
  journal={Current Genetics},
  volume={20},
  number={5},
  pages={373--378},
  year={1991},
  publisher={Springer}
}
@article{pryde1995sequence,
  title={Sequence analysis of the right end of chromosome XV in Saccharomyces cerevisiae: an insight into the structural and functional significance of sub-telomeric repeat sequences},
  author={Pryde, Fiona E and Huckle, Tonie C and Louis, Edward J},
  journal={Yeast},
  volume={11},
  number={4},
  pages={371--382},
  year={1995},
  publisher={Wiley Online Library}
}
@article{tkach2012dissecting,
  title={Dissecting DNA damage response pathways by analysing protein localization and abundance changes during DNA replication stress},
  author={Tkach, Johnny M and Yimit, Askar and Lee, Anna Y and Riffle, Michael and Costanzo, Michael and Jaschob, Daniel and Hendry, Jason A and Ou, Jiongwen and Moffat, Jason and Boone, Charles and others},
  journal={Nature Cell Biology},
  volume={14},
  number={9},
  pages={966--976},
  year={2012},
  publisher={Nature Publishing Group}
}
@article{kornblatt2013saccharomyces,
  title={The Saccharomyces cerevisiae enolase-related regions encode proteins that are active enolases},
  author={Kornblatt, MJ and Richard Albert, J and Mattie, S and Zakaib, J and Dayanandan, S and Hanic-Joyce, PJ and Joyce, PBM},
  journal={Yeast},
  volume={30},
  number={2},
  pages={55--69},
  year={2013},
  publisher={Wiley Online Library}
}
@article{ho2009identification,
  title={Identification of nucleases and phosphatases by direct biochemical screen of the Saccharomyces cerevisiae proteome},
  author={Ho, Chu Kwen and Lam, Alicia F and Symington, Lorraine S},
  journal={PloS One},
  volume={4},
  number={9},
  pages={e6993},
  year={2009},
  publisher={Public Library of Science}
}
@article{grisolia1967mercury,
  title={Mercury-induced reversible increase in 2, 3-diphosphoglycerate phosphatase and concomitant decrease in mutase activity of animal phosphoglycerate mutases},
  author={Grisolia, Santiago and Tecson, J},
  journal={Biochimica et Biophysica Acta (BBA)-Enzymology},
  volume={132},
  number={1},
  pages={56--67},
  year={1967},
  publisher={Elsevier}
}
@article{aakesson2004integration,
  title={Integration of gene expression data into genome-scale metabolic models},
  author={{\AA}kesson, Mats and F{\"o}rster, Jochen and Nielsen, Jens},
  journal={Metabolic Engineering},
  volume={6},
  number={4},
  pages={285--293},
  year={2004},
  publisher={Elsevier}
}
@article{chandrasekaran2010probabilistic,
  title={Probabilistic integrative modeling of genome-scale metabolic and regulatory networks in Escherichia coli and Mycobacterium tuberculosis},
  author={Chandrasekaran, Sriram and Price, Nathan D},
  journal={Proceedings of the National Academy of Sciences},
  volume={107},
  number={41},
  pages={17845--17850},
  year={2010},
  publisher={National Acad Sciences}
}
@article{zur2010imat,
  title={iMAT: an integrative metabolic analysis tool},
  author={Zur, Hadas and Ruppin, Eytan and Shlomi, Tomer},
  journal={Bioinformatics},
  volume={26},
  number={24},
  pages={3140--3142},
  year={2010},
  publisher={Oxford University Press}
}
@article{becker2008context,
  title={Context-specific metabolic networks are consistent with experiments},
  author={Becker, Scott A and Palsson, Bernhard O},
  journal={PLoS Computational Biology},
  volume={4},
  number={5},
  pages={e1000082},
  year={2008},
  publisher={Public Library of Science San Francisco, USA}
}
@article{colijn2009interpreting,
  title={Interpreting expression data with metabolic flux models: predicting Mycobacterium tuberculosis mycolic acid production},
  author={Colijn, Caroline and Brandes, Aaron and Zucker, Jeremy and Lun, Desmond S and Weiner, Brian and Farhat, Maha R and Cheng, Tan-Yun and Moody, D Branch and Murray, Megan and Galagan, James E},
  journal={PLoS Computational Biology},
  volume={5},
  number={8},
  pages={e1000489},
  year={2009},
  publisher={Public Library of Science San Francisco, USA}
}
@article{kim2014methods,
  title={Methods for integration of transcriptomic data in genome-scale metabolic models},
  author={Kim, Min Kyung and Lun, Desmond S},
  journal={Computational and Structural Biotechnology Journal},
  volume={11},
  number={18},
  pages={59--65},
  year={2014},
  publisher={Elsevier}
}
